<?xml version="1.0" encoding="UTF-8"?>
<record xmlns="http://www.loc.gov/MARC21/slim" xmlns:xsi="http://www.w3.org/2001/XMLSchema-instance" xsi:schemaLocation="http://www.loc.gov/MARC21/slim http://www.loc.gov/standards/marcxml/schema/MARC21slim.xsd">
<leader>     nam a2200325 a 4500</leader>
<controlfield tag="001">001585889</controlfield>
<controlfield tag="003">NNU</controlfield>
<controlfield tag="005">20061010170914.0</controlfield>
<controlfield tag="008">000203s1934    ti            000 0darar</controlfield>
<datafield tag="010" ind1=" " ind2=" ">
<subfield code="a">82228814</subfield>
</datafield>
<datafield tag="035" ind1="9" ind2=" ">
<subfield code="a">NYUb12094543</subfield>
</datafield>
<datafield tag="035" ind1=" " ind2=" ">
<subfield code="a">(CStRLIN)NYUG00-B368</subfield>
</datafield>
<datafield tag="040" ind1=" " ind2=" ">
<subfield code="d">NNU</subfield>
</datafield>
<datafield tag="043" ind1=" " ind2=" ">
<subfield code="a">f-ti---</subfield>
</datafield>
<datafield tag="050" ind1="0" ind2=" ">
<subfield code="a">HQ1792</subfield>
<subfield code="b">.A63 1934</subfield>
</datafield>
<datafield tag="066" ind1=" " ind2=" ">
<subfield code="c">(3</subfield>
</datafield>
<datafield tag="090" ind1=" " ind2=" ">
<subfield code="a">HQ1792</subfield>
<subfield code="b">.A63 1934</subfield>
</datafield>
<datafield tag="100" ind1="1" ind2=" ">
<subfield code="6">880-01</subfield>
<subfield code="a">ʻAbd al-Wahhāb, Ḥasan Ḥusnī.</subfield>
</datafield>
<datafield tag="245" ind1="1" ind2="0">
<subfield code="6">880-02</subfield>
<subfield code="a">Shahīrāt al-Tūnisīyāt :</subfield>
<subfield code="b">baḥth tārīkhī adabī fī ḥayāt al-nisāʼ al-nawābigh bi-al-quṭr al-Tūnisī min al fatḥ al-Islāmī ilá al-zamān al-ḥāḍīr /</subfield>
<subfield code="c">Ḥasan Ḥusnī ʻAbd al-Wahhāb.</subfield>
</datafield>
<datafield tag="260" ind1=" " ind2=" ">
<subfield code="6">880-03</subfield>
<subfield code="a">Tunis :</subfield>
<subfield code="b">al-Maṭbaʻah al-Tūnisīyah,</subfield>
<subfield code="c">1934.</subfield>
</datafield>
<datafield tag="300" ind1=" " ind2=" ">
<subfield code="a">111 p. ;</subfield>
<subfield code="c">22 cm.</subfield>
</datafield>
<datafield tag="500" ind1=" " ind2=" ">
<subfield code="a">Cover title.</subfield>
</datafield>
<datafield tag="500" ind1=" " ind2=" ">
<subfield code="a">Title on added t.p.: Les femmes tunisiennes célèbres.</subfield>
</datafield>
<datafield tag="650" ind1=" " ind2="0">
<subfield code="a">Women</subfield>
<subfield code="z">Tunisia</subfield>
<subfield code="x">History.</subfield>
</datafield>
<datafield tag="650" ind1=" " ind2="0">
<subfield code="a">Women</subfield>
<subfield code="z">Tunisia</subfield>
<subfield code="v">Biography.</subfield>
</datafield>
<datafield tag="650" ind1=" " ind2="0">
<subfield code="a">Celebrities</subfield>
<subfield code="z">Tunisia</subfield>
<subfield code="v">Biography.</subfield>
</datafield>
<datafield tag="740" ind1="0" ind2=" ">
<subfield code="a">Femmes tunisiennes célèbres.</subfield>
</datafield>
<datafield tag="880" ind1="1" ind2=" ">
<subfield code="6">100-01/</subfield>
<subfield code="a">عبد الوهاب، حسن حسني.</subfield>
</datafield>
<datafield tag="880" ind1="1" ind2="0">
<subfield code="6">245-02/</subfield>
<subfield code="a">شهيرات التونسيات :</subfield>
<subfield code="b">بحث تاريخي أدبي في حياة النساء النوابغ بالقطر التونسي من الفتح الاسلامي الى الزمان الحاضر /</subfield>
<subfield code="c">حسن حسني عبد الوهاب.</subfield>
</datafield>
<datafield tag="880" ind1=" " ind2=" ">
<subfield code="6">260-03/</subfield>
<subfield code="a">تونس :</subfield>
<subfield code="b">المطيعة التونسية،١٣٥٣.</subfield>
</datafield>
<datafield tag="OWN" ind1=" " ind2=" ">
<subfield code="a">GENERAL</subfield>
</datafield>
<datafield tag="998" ind1=" " ind2=" ">
<subfield code="a">20000203</subfield>
<subfield code="d">20000203</subfield>
<subfield code="d">20011102</subfield>
<subfield code="n">NNU</subfield>
<subfield code="s">1</subfield>
<subfield code="t">c</subfield>
<subfield code="z">e</subfield>
</datafield>
<datafield tag="AVA" ind1=" " ind2=" ">
<subfield code="a">NYU50</subfield>
<subfield code="b">BOBST</subfield>
<subfield code="c">Main Collection</subfield>
<subfield code="d">HQ1792 .A63 1934</subfield>
<subfield code="e">unavailable</subfield>
<subfield code="t">Unavailable</subfield>
<subfield code="f">1</subfield>
<subfield code="g">1</subfield>
<subfield code="h">N</subfield>
<subfield code="i">0</subfield>
<subfield code="j">MAIN</subfield>
<subfield code="k">0</subfield>
</datafield>
</record>
